<record><leader>01661nam a2200433 a 4500</leader><controlfield tag="001">6812895</controlfield><controlfield tag="003">CaONFJC</controlfield><controlfield tag="005">20150223095113.0</controlfield><controlfield tag="006">m        d        </controlfield><controlfield tag="007">cr||n|||||||||</controlfield><controlfield tag="008">141210s2015    enk     ob    001 0 eng d</controlfield><datafield ind1=" " ind2=" " tag="020"><subfield code="a">1781444749 (ebook)</subfield></datafield><datafield ind1=" " ind2=" " tag="020"><subfield code="a">1848935056</subfield></datafield><datafield ind1=" " ind2=" " tag="020"><subfield code="a">9781322889887 (MyiLibrary)</subfield></datafield><datafield ind1=" " ind2=" " tag="020"><subfield code="a">9781781444740 (ebook)</subfield></datafield><datafield ind1=" " ind2=" " tag="020"><subfield code="a">9781848935051</subfield></datafield><datafield ind1=" " ind2=" " tag="037"><subfield code="a">720270</subfield><subfield code="b">MIL</subfield></datafield><datafield ind1=" " ind2=" " tag="039"><subfield code="a">exclude</subfield></datafield><datafield ind1=" " ind2=" " tag="040"><subfield code="a">CaONFJC</subfield><subfield code="c">CaONFJC</subfield><subfield code="e">rda</subfield><subfield code="d">AEU</subfield></datafield><datafield ind1=" " ind2=" " tag="043"><subfield code="a">n-us---</subfield></datafield><datafield ind1=" " ind2="4" tag="050"><subfield code="a">HF5387.5.U6</subfield><subfield code="b">M33 2015eb</subfield></datafield><datafield ind1="0" ind2="4" tag="082"><subfield code="a">174.4</subfield><subfield code="2">23</subfield></datafield><datafield ind1=" " ind2=" " tag="090"><subfield code="a">Internet Access</subfield><subfield code="b">AEGMCT</subfield></datafield><datafield ind1="1" ind2=" " tag="100"><subfield code="a">McClean, David E.</subfield></datafield><datafield ind1="1" ind2="0" tag="245"><subfield code="a">Wall Street, reforming the unreformable</subfield><subfield code="h">[electronic resource] :</subfield><subfield code="b">an ethical perspective /</subfield><subfield code="c">by David E. McClean.</subfield></datafield><datafield ind1=" " ind2=" " tag="260"><subfield code="a">London ;</subfield><subfield code="a">Brookfield, Vt. :</subfield><subfield code="b">Pickering &amp; Chatto,</subfield><subfield code="c">c2015.</subfield></datafield><datafield ind1=" " ind2=" " tag="300"><subfield code="a">1 online resource (xii, 210 p.)</subfield></datafield><datafield ind1=" " ind2=" " tag="336"><subfield code="a">text</subfield><subfield code="b">txt</subfield><subfield code="2">rdacontent</subfield></datafield><datafield ind1=" " ind2=" " tag="337"><subfield code="a">computer</subfield><subfield code="b">c</subfield><subfield code="2">rdamedia</subfield></datafield><datafield ind1=" " ind2=" " tag="338"><subfield code="a">online resource</subfield><subfield code="b">cr</subfield><subfield code="2">rdacarrier</subfield></datafield><datafield ind1=" " ind2=" " tag="504"><subfield code="a">Includes bibliographical references (p. 191-193) and index.</subfield></datafield><datafield ind1=" " ind2=" " tag="506"><subfield code="a">Access restricted to authorized users and institutions.</subfield></datafield><datafield ind1=" " ind2=" " tag="588"><subfield code="a">Description based on print version record.</subfield></datafield><datafield ind1=" " ind2=" " tag="596"><subfield code="a">57</subfield></datafield><datafield ind1=" " ind2="0" tag="650"><subfield code="a">Business ethics</subfield><subfield code="z">United States.</subfield></datafield><datafield ind1=" " ind2="0" tag="650"><subfield code="a">Securities industry</subfield><subfield code="x">Moral and ethical aspects</subfield><subfield code="z">United States.</subfield></datafield><datafield ind1="4" ind2="0" tag="856"><subfield code="3">MacEwan University Access</subfield><subfield code="u">http://lib.myilibrary.com/detail.asp?ID=720270</subfield><subfield code="z">(Single User Access)</subfield><subfield code="z">from MyiLibrary</subfield></datafield><datafield ind1=" " ind2=" " tag="949"><subfield code="h">UAIN</subfield><subfield code="m">GR_MAC_INT</subfield><subfield code="z">MILGMPSA</subfield></datafield><datafield ind1=" " ind2=" " tag="926"><subfield code="a">Internet Access</subfield><subfield code="w">ORDER</subfield><subfield code="c">1</subfield><subfield code="i">6812895-2001</subfield><subfield code="l">INTERNET</subfield><subfield code="m">GR_MAC_INT</subfield><subfield code="r">Y</subfield><subfield code="s">Y</subfield><subfield code="t">E-RESOURCE</subfield><subfield code="u">3/2/2015</subfield><subfield code="x">E-BOOK</subfield><subfield code="z">MILGMPSA</subfield></datafield></record>